<?xml version="1.0" encoding="UTF-8"?><collection xmlns="http://www.loc.gov/MARC21/slim"><record><leader>00299nam--2200121-i-4500</leader><controlfield tag="001">000022406</controlfield><controlfield tag="002">20161230</controlfield><controlfield tag="005">20161230201034</controlfield><controlfield tag="008">060222s1000------------r-----000-0-eng-d</controlfield><datafield ind1=" " ind2=" " tag="100"><subfield code="a">Hasson, J.A</subfield></datafield><datafield ind1=" " ind2=" " tag="245"><subfield code="a">The economics of nuclear power</subfield></datafield><datafield ind1=" " ind2=" " tag="260"><subfield code="a">London, Longmans, 1965. Viii + 160 P</subfield></datafield><datafield ind1=" " ind2=" " tag="852"><subfield code="a">21805</subfield></datafield></record></collection>